@INPROCEEDINGS{Andrews2013, 
author={J. H. Andrews}, 
booktitle={2013 26th International Conference on Software Engineering Education and Training (CSEE T)}, 
title={Killer App: A Eurogame about software quality}, 
year={2013}, 
volume={}, 
number={}, 
pages={319-323}, 
keywords={computer aided instruction;computer games;simulation;software quality;Killer App;Eurogame;teaching tools;simulation;software development;software quality tradeoffs;Games;Software quality;Software engineering;Computer science;Educational institutions}, 
doi={10.1109/CSEET.2013.6595269}, 
ISSN={1093-0175}, 
month={May},}

@INPROCEEDINGS{Navarro2007, 
author={E. O. Navarro and A. v. d. Hoek}, 
booktitle={20th Conference on Software Engineering Education Training (CSEET'07)}, 
title={Comprehensive Evaluation of an Educational Software Engineering Simulation Environment}, 
year={2007}, 
volume={}, 
number={}, 
pages={195-202}, 
keywords={computer aided instruction;computer games;computer science education;software engineering;teaching;educational software engineering simulation environment;SimSE;graphical environment;interactive environment;customizable environment;game-based environment;Software engineering;Computational modeling;Computer simulation;Education;Technological innovation;Discrete event simulation;Project management;Software development management;Engineering management;Personnel}, 
doi={10.1109/CSEET.2007.14}, 
ISSN={1093-0175}, 
month={July},}

@INPROCEEDINGS{Navarro2005, 
author={E. O. Navarro and A. v. d. Hoek}, 
booktitle={18th Conference on Software Engineering Education Training (CSEET'05)}, 
title={Design and Evaluation of an Educational Software Process Simulation Environment and Associated Model}, 
year={2005}, 
volume={}, 
number={}, 
pages={25-32}, 
keywords={computer aided instruction;computer science education;interactive systems;software engineering;teaching;educational software process simulation environment;educational tool;teaching;software process education;SimSE;interactive environment;graphical environment;software engineering process;game-like setting;waterfall process;Software engineering;Computational modeling;Computer simulation;Project management;Software development management;Engineering management;Graphical user interfaces;Computer displays;Employee rights;Software tools}, 
doi={10.1109/CSEET.2005.16}, 
ISSN={1093-0175}, 
month={April},}

@article{Aydan2017,
title = "Teaching ISO/IEC 12207 software lifecycle processes: A serious game approach",
journal = "Computer Standards \& Interfaces",
volume = "54",
pages = "129 - 138",
year = "2017",
note = "Standards in Software Process Improvement and Capability Determination",
issn = "0920-5489",
doi = "https://doi.org/10.1016/j.csi.2016.11.014",
url = "http://www.sciencedirect.com/science/article/pii/S0920548916301969",
author = "Ufuk Aydan and Murat Yilmaz and Paul M. Clarke and Rory V. O’Connor",
keywords = "ISO/IEC 12207, Serious games, Teaching standards"
}

@article{Ford2003,
 author = {Ford,Jr., Charles Wesley and Minsker, Steven},
 title = {TREEZ - An Educational Data Structures Game},
 journal = {J. Comput. Sci. Coll.},
 issue_date = {June 2003},
 volume = {18},
 number = {6},
 month = jun,
 year = {2003},
 issn = {1937-4771},
 pages = {180--185},
 numpages = {6},
 url = {http://dl.acm.org/citation.cfm?id=770818.770848},
 acmid = {770848},
 publisher = {Consortium for Computing Sciences in Colleges},
 address = {USA}
}

@INPROCEEDINGS{Jain2006, 
author={Apurva Jain and B. Boehm}, 
booktitle={19th Conference on Software Engineering Education Training (CSEET'06)}, 
title={SimVBSE: Developing a Game for Value-Based Software Engineering}, 
year={2006}, 
volume={}, 
number={}, 
pages={103-114}, 
keywords={computer aided instruction;computer games;computer science education;software engineering;teaching;SimVBSE;computer game;value-based software engineering;student learning experience;project management;cause-effect models;Software engineering;Game theory;Object oriented modeling;Application software;Production systems;Project management;Engineering management;Educational technology;Logic testing;Software testing}, 
doi={10.1109/CSEET.2006.31}, 
ISSN={1093-0175}, 
month={April},}

@inproceedings{Shaw2005,
 author = {Shaw, Katherine and Dermoudy, Julian},
 title = {Engendering an Empathy for Software Engineering},
 booktitle = {Proceedings of the 7th Australasian Conference on Computing Education - Volume 42},
 series = {ACE '05},
 year = {2005},
 isbn = {1-920682-24-4},
 location = {Newcastle, New South Wales, Australia},
 pages = {135--144},
 numpages = {10},
 url = {http://dl.acm.org/citation.cfm?id=1082424.1082441},
 acmid = {1082441},
 publisher = {Australian Computer Society, Inc.},
 address = {Darlinghurst, Australia, Australia},
 keywords = {experiential learning, simulation, software engineering education}
} 

@inproceedings{Waraich2004,
 author = {Waraich, Atif},
 title = {Using Narrative As a Motivating Device to Teach Binary Arithmetic and Logic Gates},
 booktitle = {Proceedings of the 9th Annual SIGCSE Conference on Innovation and Technology in Computer Science Education},
 series = {ITiCSE '04},
 year = {2004},
 isbn = {1-58113-836-9},
 location = {Leeds, United Kingdom},
 pages = {97--101},
 numpages = {5},
 url = {http://doi.acm.org/10.1145/1007996.1008024},
 doi = {10.1145/1007996.1008024},
 acmid = {1008024},
 publisher = {ACM},
 address = {New York, NY, USA},
 keywords = {computer games, interactive, learning, multimedia, narrative}
} 

@inproceedings{Drappa2000,
 author = {Drappa, Anke and Ludewig, Jochen},
 title = {Simulation in Software Engineering Training},
 booktitle = {Proceedings of the 22Nd International Conference on Software Engineering},
 series = {ICSE '00},
 year = {2000},
 isbn = {1-58113-206-9},
 location = {Limerick, Ireland},
 pages = {199--208},
 numpages = {10},
 url = {http://doi.acm.org/10.1145/337180.337203},
 doi = {10.1145/337180.337203},
 acmid = {337203},
 publisher = {ACM},
 address = {New York, NY, USA},
 keywords = {experiment, quality assurance, simulation, software engineering education, software process modeling, training}
} 

@article{Bell2009,
author = {Bell, Timothy and Alexander, Jason and Freeman, Isaac and Grimley, Mick},
year = {2009},
month = {01},
pages = {},
title = {Computer Science Unplugged: school students doing real computing without computers},
volume = {13},
booktitle = {The New Zealand Journal of Applied Computing and Information Technology}
}

@inproceedings{Hakulinen2011,
 author = {Hakulinen, Lasse},
 title = {Using Serious Games in Computer Science Education},
 booktitle = {Proceedings of the 11th Koli Calling International Conference on Computing Education Research},
 series = {Koli Calling '11},
 year = {2011},
 isbn = {978-1-4503-1052-9},
 location = {Koli, Finland},
 pages = {83--88},
 numpages = {6},
 url = {http://doi.acm.org/10.1145/2094131.2094147},
 doi = {10.1145/2094131.2094147},
 acmid = {2094147},
 publisher = {ACM},
 address = {New York, NY, USA},
 keywords = {card games, computer science education, data structures and algorithms, game based learning, serious games}
} 

@inproceedings{Jenson2007,
 author = {Jenson, Jennifer and de Castell, Suzanne and Fisher, Stephanie},
 title = {Girls Playing Games: Rethinking Stereotypes},
 booktitle = {Proceedings of the 2007 Conference on Future Play},
 series = {Future Play '07},
 year = {2007},
 isbn = {978-1-59593-943-2},
 location = {Toronto, Canada},
 pages = {9--16},
 numpages = {8},
 url = {http://doi.acm.org/10.1145/1328202.1328205},
 doi = {10.1145/1328202.1328205},
 acmid = {1328205},
 publisher = {ACM},
 address = {New York, NY, USA},
 keywords = {digital game play, gender, girls, social issues}
}

@inproceedings{Drake2011,
 author = {Drake, Peter and Sung, Kelvin},
 title = {Teaching Introductory Programming with Popular Board Games},
 booktitle = {Proceedings of the 42Nd ACM Technical Symposium on Computer Science Education},
 series = {SIGCSE '11},
 year = {2011},
 isbn = {978-1-4503-0500-6},
 location = {Dallas, TX, USA},
 pages = {619--624},
 numpages = {6},
 url = {http://doi.acm.org/10.1145/1953163.1953338},
 doi = {10.1145/1953163.1953338},
 acmid = {1953338},
 publisher = {ACM},
 address = {New York, NY, USA},
 keywords = {CS1/2, adaptation, assessment, assignments, games}
} 

@inproceedings{Ferreira2014,
 author = {Ferreira, Joao F. and Mendes, Alexandra},
 title = {The Magic of Algorithm Design and Analysis: Teaching Algorithmic Skills Using Magic Card Tricks},
 booktitle = {Proceedings of the 2014 Conference on Innovation \&\#38; Technology in Computer Science Education},
 series = {ITiCSE '14},
 year = {2014},
 isbn = {978-1-4503-2833-3},
 location = {Uppsala, Sweden},
 pages = {75--80},
 numpages = {6},
 url = {http://doi.acm.org/10.1145/2591708.2591745},
 doi = {10.1145/2591708.2591745},
 acmid = {2591745},
 publisher = {ACM},
 address = {New York, NY, USA}
} 

@inproceedings{Guibert2004,
 author = {Guibert, Nicolas and Girard, Patrick and Guittet, Laurent},
 title = {Example-based Programming: A Pertinent Visual Approach for Learning to Program},
 booktitle = {Proceedings of the Working Conference on Advanced Visual Interfaces},
 series = {AVI '04},
 year = {2004},
 isbn = {1-58113-867-9},
 location = {Gallipoli, Italy},
 pages = {358--361},
 numpages = {4},
 url = {http://doi.acm.org/10.1145/989863.989924},
 doi = {10.1145/989863.989924},
 acmid = {989924},
 publisher = {ACM},
 address = {New York, NY, USA}
} 

@inproceedings{Bromwich2012,
 author = {Bromwich, Kohl and Masoodian, Masood and Rogers, Bill},
 title = {Crossing the Game Threshold: A System for Teaching Basic Programming Constructs},
 booktitle = {Proceedings of the 13th International Conference of the NZ Chapter of the ACM's Special Interest Group on Human-Computer Interaction},
 series = {CHINZ '12},
 year = {2012},
 isbn = {978-1-4503-1474-9},
 location = {Dunedin, New Zealand},
 pages = {56--63},
 numpages = {8},
 url = {http://doi.acm.org/10.1145/2379256.2379266},
 doi = {10.1145/2379256.2379266},
 acmid = {2379266},
 publisher = {ACM},
 address = {New York, NY, USA}
}

@Misc{Alice,
 author = {Carnegie Mellon University},
 title = {Alice.org},
 howpublished = {Online},
 year = {2018},
 url = {http://www.alice.org},
 urldate = {August 28, 2018},
 lastchecked = {August 28, 2018}
}

@Misc{Scratch,
 author = {MIT University},
 title = {Scratch Homepage},
 howpublished = {Online},
 year = {2018},
 url = {https://scratch.mit.edu},
 urldate = {August 28, 2018},
 lastchecked = {August 28, 2018}
}

@article{Monsalve2017,
author = {Suescun Monsalve, Elizabeth and Pereira, A.X. and Werneck, Vera},
year = {2017},
month = {01},
pages = {874-895},
title = {Teaching software engineering through a collaborative game},
booktitle = {Computer Systems and Software Engineering: Concepts, Methodologies, Tools, and Applications}
}

@article{Phan2012,
author = {Mikki H. Phan and Jo R. Jardina and Sloane Hoyle and Barbara S. Chaparro},
title ={Examining the Role of Gender in Video Game Usage, Preference, and Behavior},
journal = {Proceedings of the Human Factors and Ergonomics Society Annual Meeting},
volume = {56},
number = {1},
pages = {1496-1500},
year = {2012},
doi = {10.1177/1071181312561297},

URL = { 
        https://doi.org/10.1177/1071181312561297
    
},
eprint = { 
        https://doi.org/10.1177/1071181312561297
    }
}

@article{Lucas20014,
author = {Kristen Lucas and John L. Sherry},
title ={Sex Differences in Video Game Play:: A Communication-Based Explanation},
journal = {Communication Research},
volume = {31},
number = {5},
pages = {499-523},
year = {2004},
doi = {10.1177/0093650204267930},

URL = { 
        https://doi.org/10.1177/0093650204267930
    
},
eprint = { 
        https://doi.org/10.1177/0093650204267930    
}
}

@article{Greenberg2010,
author = {Bradley S. Greenberg and John Sherry and Kenneth Lachlan and Kristen Lucas and Amanda Holmstrom},
title ={Orientations to Video Games Among Gender and Age Groups},
journal = {Simulation \& Gaming},
volume = {41},
number = {2},
pages = {238-259},
year = {2010},
doi = {10.1177/1046878108319930},

URL = { 
        https://doi.org/10.1177/1046878108319930
    
},
eprint = { 
        https://doi.org/10.1177/1046878108319930   
}}

@book{Fowler1999,
 title = {Refactoring: Improving the Design of Existing Code},
 author = {Martin Fowler},
 year = {1999},
 isbn = {0-201-48567-2},
 publisher = {Addison-Wesley Longman Publishing Co., Inc.},
 address = {Boston, MA, USA}
} 

@article{gamification,
author = {V. Uskov and B. Sekar},
title = {Gamification of software engineering curriculum},
journal = {2014 IEEE Frontiers in Education Conference (FIE) Proceedings, Madrid},
year = {2014},
volume = {},
pages = {1--8},
number = {}
}

@article{secgamification,
author = {Deterding, Sebastian & Khaled, Rilla & Nacke, Lennart & Dixon, Dan},
title = {Gamification: Toward a definition},
journal = {Proceedings of CHI 2011 Workshop Gamification: Using Game Design Elements in Non-Game Contexts},
year = {2011},
volume = {},
pages = {6--9},
number = {}
}



@misc{website:gartner,
author = "Christy Pettey",
title = "Gartner Predicts Over 70 Percent of Global 2000 Organisations Will Have at Least One Gamified Application by 2014",
year = "2011",
howpublished = "\url{http://www.gartner.com/newsroom/id/1844115}",
note = "[Online; accessed 03-March-2020]"
}

@article{whysoserious,
author = {J. S. Breuer, G. Bente},
title = {Why so serious? On the Relation of Serious Games and Learning},
journal = {Eludamos, Journal for Computer Game Culture},
year = {2010},
volume = {4},
number = {1},
pages = {7--24},
}

@article{educational,
author = {T. Xie, N. Tillmann and J. de Halleux},
title = {Educational software engineering: Where software engineering, education, and gaming meet},
journal = {2013 3rd International Workshop on Games and Software Engineering: Engineering Computer Games to Enable Positive, Progressive Change (GAS), San Francisco, CA},
year = {2013},
volume = {},
number = {},
pages = {36--39},
}

@article{educational,
author = {T. Xie, N. Tillmann and J. de Halleux},
title = {Educational software engineering: Where software engineering, education, and gaming meet},
journal = {2013 3rd International Workshop on Games and Software Engineering: Engineering Computer Games to Enable Positive, Progressive Change (GAS), San Francisco, CA},
year = {2013},
volume = {},
number = {},
pages = {36--39},
}


@article{learningSE,
author = {J. Pieper},
title = {Learning software engineering processes through playing games},
journal = {2012 Second International Workshop on Games and Software Engineering: Realizing User Engagement with Game Engineering Techniques (GAS), Zurich},
year = {2012},
volume = {},
number = {},
pages = {1--4},
}

@article{halo,
author = {Swapneel Sheth, Jonathan Bell, and Gail Kaiser},
title = {HALO (highly addictive, socially optimized) software engineering},
journal = {In Proceedings of the 1st International Workshop on Games and Software Engineering (GAS ’11). Association for Computing Machinery, New York, NY, USA},
year = {2011},
volume = {},
number = {},
pages = {29--32},
DOI  = {10.1145/1984674.1984685},
}

@inproceedings{robobug,
author = {Miljanovic, Michael A. and Bradbury, Jeremy S.},
title = {RoboBUG: A Serious Game for Learning Debugging Techniques},
year = {2017},
isbn = {9781450349680},
publisher = {Association for Computing Machinery},
address = {New York, NY, USA},
url = {https://doi.org/10.1145/3105726.3106173},
doi = {10.1145/3105726.3106173},
booktitle = {Proceedings of the 2017 ACM Conference on International Computing Education Research},
pages = {93–100},
numpages = {8},
keywords = {game-based learning, debugging, software engineering, computer science, serious games, education, programming},
location = {Tacoma, Washington, USA},
series = {ICER ’17}
}

@inproceedings{gamedev,
author = {Szabo, Claudia},
title = {Evaluating GameDevTycoon for Teaching Software Engineering},
year = {2014},
isbn = {9781450326056},
publisher = {Association for Computing Machinery},
address = {New York, NY, USA},
url = {https://doi.org/10.1145/2538862.2538971},
doi = {10.1145/2538862.2538971},
booktitle = {Proceedings of the 45th ACM Technical Symposium on Computer Science Education},
pages = {403–408},
numpages = {6},
keywords = {computer science education, software engineering},
location = {Atlanta, Georgia, USA},
series = {SIGCSE ’14}
}

@INPROCEEDINGS{SEMAT,
author={J. {Pieper} and O. {Lueth} and M. {Goedicke} and P. {Forbrig}},
booktitle={2017 IEEE Global Engineering Education Conference (EDUCON)},
title={A case study of software engineering methods education supported by digital game-based learning: Applying the SEMAT Essence kernel in games and course projects},
year={2017},
volume={},
number={},
pages={1689-1699},
keywords={computer aided instruction;computer science education;serious games (computing);software engineering;software engineering methods;digital game-based learning;SEMAT Essence kernel;game project;course project;SE education;student knowledge;student skills;student attitudes;learning experiences;integrated approach;DGBL;Games;Kernel;Education;Tools;Navigation;Context;Context modeling;software engineering;software enigneering education;SE education;SEMAT;Essence;serious games;learning theories;digital game-based learning;DGBL;software process;software engineering methods},
doi={10.1109/EDUCON.2017.7943076},
ISSN={2165-9567},
month={April},
}

@INPROCEEDINGS{gamesforlearning,
author={M. R. {De Almeida Souza} and L. {Furtini Veado} and R. {Teles Moreira} and E. {Magno Lages Figueiredo} and H. A. X. {Costa}},
booktitle={2017 IEEE/ACM 39th International Conference on Software Engineering: Software Engineering Education and Training Track (ICSE-SEET)},
title={Games for learning: bridging game-related education methods to software engineering knowledge areas},
year={2017},
volume={},
number={},
pages={170-179},
keywords={computer aided instruction;computer science education;serious games (computing);software engineering;software engineering education;learning enhance;student engagement;serious games;game development;gamification;ACM/IEEE curricular recommendations;software process;software design;profession practice;game-related education methods;Games;Software engineering;Software;Education;Knowledge engineering;Context;Systematics;software engineering education;game-based learning;gamification;game development based learning},
doi={10.1109/ICSE-SEET.2017.17},
ISSN={null},
month={May},
}

@misc{BattleBotsv2,
organisation = {Creative Commons Attribution-NonCommercial-ShareAlike 2.5 License.},
title = {Battle Bots v2},
year = {},
howpublished = {\url{https://www.curufea.com/doku.php?id=games:board:battlebots}},
note = {[Online; accessed 03-March-2020]}
}

@misc{RobotTurtles,
organisation = {ThinkFun},
title = {Robot Turtles},
year = {},
howpublished = {\url{ http://www.robotturtles.com}},
note = {[Online; accessed 03-March-2020]}
}

@misc{CodeMaster,
organisation = "ThinkFun",
title = "Code Master",
year = "",
howpublished = "\url{ https://www.thinkfun.com/products/code-master}",
note = "[Online; accessed 03-March-2020]"
}

@misc{PotatoPirates,
organisation = "Kickstarter",
title = "Potato Pirates", 
year = "",
howpublished = "\url{https://potatopirates.game/}",
note = "[Online; accessed 03-March-2020]"
}

@misc{CodeCombat,
organisation = "CodeCombat Inc.",
title = "CodeCombat", 
year = "",
howpublished = "\url{https://codecombat.com}",
note = "[Online; accessed 26-Aug-2020]"
}


@misc{CodeWars,
	organisation = "Qualified IO.",
	title = "CodeWars", 
	year = "",
	howpublished = "\url{https://www.codewars.com/}",
	note = "[Online; accessed 26-Aug-2020]"
}


@misc{CheckIO,
	organisation = "CheckIO",
	title = "CheckIO", 
	year = "",
	howpublished = "\url{https://checkio.org}",
	note = "[Online; accessed 26-Aug-2020]"
}

@misc{Robocode,
	organisation = "Robocode.io",
	title = "Robocode", 
	year = "",
	howpublished = "\url{https://robocode.sourceforge.io/}",
	note = "[Online; accessed 26-Aug-2020]"
}


@misc{BlocklyMaze,
organisation = "BrainPOP",
title = "Blockly Maze", 
year = "",
howpublished = "\url{https://www.brainpop.com/games/blocklymaze}",
note = "[Online; accessed 03-March-2020]"
}

@misc{Codingame,
organisation = "CodinGame",
title = "CodinGame", 
year = "",
howpublished = "\url{https://www.codingame.com/start}",
note = "[Online; accessed 03-March-2020]"
}

@misc{Kodable,
organisation = "Kodable",
title = "Kodable", 
year = "",
howpublished = "\url{https://www.kodable.com/}",
note = "[Online; accessed 03-March-2020]"
}

@misc{ProgramWars,
organisation = "Program Wars",
title = "Program Wars", 
year = "",
howpublished = "\url{https://program-wars.firebaseapp.com/}",
note = "[Online; accessed 03-March-2020]"
}


@inproceedings{anvikPW,
author = {Withheld for blind review},	
title = {Withheld for blind review} 	
}

@book{Refactoring,
title = {Refactoring: Improving the Design of Existing Code},
year = {1999},
isbn = {0201485672},
publisher = {Addison-Wesley Longman Publishing Co., Inc.},
address = {USA}
}

@misc{ w_wiki_trojan,
author = "Wikipedia",
title = "Trojan horse (computing)",
year = "2004",
howpublished = "\url{https://en.wikipedia.org/wiki/Trojan_horse_(computing)}",
note = "[Online; accessed 22-July-2004]"
}

@InProceedings{wiki_trojan,
author="Spalka, Adrian
and Cremers, Armin B.
and Langweg, Hanno",
editor="Dupuy, Michel
and Paradinas, Pierre",
title="Protecting the Creation of Digital Signatures with Trusted Computing Platform Technology Against Attacks by Trojan Horse Programs",
booktitle="Trusted Information",
year="2001",
publisher="Springer US",
address="Boston, MA",
pages="403--419",
isbn="978-0-306-46998-5"
}



@misc{ w_wiki_ransomware,
author = "Wikipedia",
title = "Ransomware",
year = "2005",
howpublished = "\url{https://en.wikipedia.org/wiki/Ransomware}",
note = "[Online; accessed 03-March-2020]"
}

@inproceedings{wiki_ransomware,
author = {McDowell, Karen},
title = {Now That We Are All so Well-Educated about Spyware, Can We Put the Bad Guys out of Business?},
year = {2006},
isbn = {1595934383},
publisher = {Association for Computing Machinery},
address = {New York, NY, USA},
url = {https://doi.org/10.1145/1181216.1181269},
doi = {10.1145/1181216.1181269},
booktitle = {Proceedings of the 34th  Annual ACM SIGUCCS Fall Conference: Expanding the Boundaries},
pages = {235–239},
numpages = {5},
keywords = {greyware, antispyware, malware, bots, adware, spyware},
location = {Edmonton, Alberta, Canada},
series = {SIGUCCS ’06}
}




@misc{ w_wiki_virus,
author = "Wikipedia",
title = "Computer virus",
year = "1999",
howpublished = "\url{https://en.wikipedia.org/wiki/Computer_virus}",
note = "[Online; accessed 03-March-2020]"
}

@article{wiki_virus,
author = {Al Daoud, Essam and Jebril, Iqbal and Zaqaibeh, Belal},
year = {2008},
month = {10},
pages = {},
title = {Computer virus strategies and detection methods},
volume = {1},
journal = {Int. J. Open Problems Compt. Math}
}

@misc{ w_wiki_spyware,
author = "Wikipedia",
title = "Spyware",
year = "2005",
howpublished = "\url{https://en.wikipedia.org/wiki/Spyware}",
note = "[Online; accessed 03-March-2020]"
}

@article{wiki_spyware,
author = {Warkentin, Merrill and Luo, Xin and Templeton, Gary F.},
title = {A Framework for Spyware Assessment},
year = {2005},
issue_date = {August 2005},
publisher = {Association for Computing Machinery},
address = {New York, NY, USA},
volume = {48},
number = {8},
issn = {0001-0782},
url = {https://doi.org/10.1145/1076211.1076244},
doi = {10.1145/1076211.1076244},
journal = {Commun. ACM},
month = aug,
pages = {79–84},
numpages = {6}
}



@misc{ wiki_cloudcomputing,
author = "Wikipedia",
title = "Cloud computings",
year = "2001",
howpublished = "\url{https://en.wikipedia.org/wiki/Cloud_computing}",
note = "[Online; accessed 03-March-2020]"
}

@book{Mindfulness,
title = {A Mindfulness-Based Social and Emotional Learning Curriculum for School-Aged Children: The MindUP Program},
author = {Jacqueline E. Maloney, Molly Stewart LawlorKimberly A. Schonert-ReichlJenna Whitehead},
year = {2016},
isbn = {978-1-4939-3504-8},
publisher = {Springer},
address = {New York, NY}
}

@book{kernerl,
author = {Jacobson, Ivar, Lawson, Harold “Bud” and Ng, Pan-Wei and McMahon, Paul E. and Goedicke, Michael},
title = {The Essentials of Modern Software Engineering: Free the Practices from the Method Prisons!},
year = {2019},
isbn = {9781947487277},
publisher = {Association for Computing Machinery and Morgan and Claypool}
}

@article{swot,
author = {Pickton, David and Wright, Sheila},
year = {1998},
month = {03},
pages = {101-109},
title = {What's SWOT in strategic analysis?},
volume = {7},
journal = {Strategic Change},
doi = {10.1002/(SICI)1099-1697(199803/04)7:23.0.CO;2-6}
}


@misc{w_boardgames,
author = "Wikipedia",
title = "Board game",
year = "1995",
howpublished = "\url{https://en.wikipedia.org/wiki/Board_game}",
note = "[Online; accessed 03-March-2020]"
}


@misc{w_cardgames,
author = "Wikipedia",
title = "Card game",
year = "1993",
howpublished = "\url{https://en.wikipedia.org/wiki/Card_game}",
note = "[Online; accessed 03-March-2020]"
}

@misc{w_webbasedgames,
author = "Wikipedia",
title = "Browser game",
year = "2000",
howpublished = "\url{https://en.wikipedia.org/wiki/Browser_game}",
note = "[Online; accessed 03-March-2020]"
}


@article{cardgames,
author = {Chen, Peayton and Kuo, Rita and Chang, Maiga and Heh, Jia-Sheng},
year = {2009},
month = {08},
pages = {116-128},
title = {Designing a Trading Card Game as Educational Reward System to Improve Students' Learning Motivations},
volume = {3},
journal = {T. Edutainment},
doi = {10.1007/978-3-642-11245-4_11}
}

@article{boardgames,
author = {Khazaal, Yasser and Chatton, Anne and Prezzemolo, Roberto and Zebouni, Fadi and Edel, Yves and Jacquet, Johan and Ruggeri, Ornella and Burnens, Emilie and Monney, Grégoire and Protti, Anne-Sylvie and Etter, Jean-François and Khan, Riaz and Cornuz, Jacques and Zullino, Daniele},
year = {2013},
month = {01},
pages = {3},
title = {Impact of a board-game approach on current smokers: A randomized controlled trial},
volume = {8},
journal = {Substance abuse treatment, prevention, and policy},
doi = {10.1186/1747-597X-8-3}
}

@inproceedings{webbasedgames,
author = {Wetzel, Richard and Blum, Lisa and Oppermann, Leif},
title = {Tidy City: A Location-Based Game Supported by in-Situ and Web-Based Authoring Tools to Enable User-Created Content},
year = {2012},
isbn = {9781450313339},
publisher = {Association for Computing Machinery},
address = {New York, NY, USA},
url = {https://doi.org/10.1145/2282338.2282385},
doi = {10.1145/2282338.2282385},
booktitle = {Proceedings of the International Conference on the Foundations of Digital Games},
pages = {238–241},
numpages = {4},
keywords = {in-situ, authoring tools, user created content, location-based game},
location = {Raleigh, North Carolina},
series = {FDG ’12}
}

@InProceedings{roborally,
author="Timm, Ingo J.
and Bogon, Tjorben
and Lattner, Andreas D.
and Schumann, Ren{\'e}",
editor="Bergmann, Ralph
and Lindemann, Gabriela
and Kirn, Stefan
and P{\v{e}}chou{\v{c}}ek, Michal",
title="Teaching Distributed Artificial Intelligence with RoboRally",
booktitle="Multiagent System Technologies",
year="2008",
publisher="Springer Berlin Heidelberg",
address="Berlin, Heidelberg",
pages="171--182",
}

@article{whysoserious,
author = {Breuer, Johannes and Bente, Gary},
year = {2010},
month = {06},
pages = {},
title = {Why So Serious? On the Relation of Serious Games and Learning},
volume = {4},
journal = {Eludamos. Journal for Computer Game Culture.}
}

@article{effectivenessofgames,
author = {Josephine M. Randel and Barbara A. Morris and C. Douglas Wetzel and Betty V. Whitehill},
title ={The Effectiveness of Games for Educational Purposes: A Review of Recent Research},
journal = {Simulation \& Gaming},
volume = {23},
number = {3},
pages = {261-276},
year = {1992},
doi = {10.1177/1046878192233001},

URL = { 
https://doi.org/10.1177/1046878192233001

},
eprint = { 
https://doi.org/10.1177/1046878192233001

}

}

@article{educationalgamedesign,
title = "Educational game design for online education",
journal = "Computers in Human Behavior",
volume = "24",
number = "6",
pages = "2530 - 2540",
year = "2008",
note = "Including the Special Issue: Electronic Games and Personalized eLearning Processes",
issn = "0747-5632",
doi = "https://doi.org/10.1016/j.chb.2008.03.012",
url = "http://www.sciencedirect.com/science/article/pii/S0747563208000617",
author = "Pablo Moreno-Ger and Daniel Burgos and Iván Martínez-Ortiz and José Luis Sierra and Baltasar Fernández-Manjón"
}


@misc{libsafe,
author = "Thomas Nooning",
title = "Lock IT Down: Use Libsafe to secure Linux from buffer overflows",
year = "2002",
howpublished = "\url{https://www.techrepublic.com/article/lock-it-down-use-libsafe-to-secure-linux-from-buffer-overflows/}",
note = "[Online; accessed 13-August-2020]"
}

@inproceedings{StackGuard,
author = {Cowan, Crispin and Pu, Calton and Maier, Dave and Hintony, Heather and Walpole, Jonathan and Bakke, Peat and Beattie, Steve and Grier, Aaron and Wagle, Perry and Zhang, Qian},
title = {StackGuard: Automatic Adaptive Detection and Prevention of Buffer-Overflow Attacks},
year = {1998},
publisher = {USENIX Association},
address = {USA},
booktitle = {Proceedings of the 7th Conference on USENIX Security Symposium - Volume 7},
pages = {5},
numpages = {1},
location = {San Antonio, Texas},
series = {SSYM’98}
}

@inproceedings{PointGuard,
author = {Cowan, Crispin and Beattie, Steve and Johansen, John and Wagle, Perry},
title = {PointguardTM: Protecting Pointers from Buffer Overflow Vulnerabilities},
year = {2003},
publisher = {USENIX Association},
address = {USA},
booktitle = {Proceedings of the 12th Conference on USENIX Security Symposium - Volume 12},
pages = {7},
numpages = {1},
location = {Washington, DC},
series = {SSYM’03}
}

@INPROCEEDINGS{Crosssite,  
author={A. {Kieyzun} and P. J. {Guo} and K. {Jayaraman} and M. D. {Ernst}},  booktitle={2009 IEEE 31st International Conference on Software Engineering},   title={Automatic creation of SQL Injection and cross-site scripting attacks},   year={2009},  volume={},  number={},  pages={199-209},}






@INPROCEEDINGS{Souza2017, 
author={M. R. De Almeida Souza and L. Furtini Veado and R. Teles Moreira and E. Magno Lages Figueiredo and H. A. X. Costa}, 
booktitle={2017 IEEE/ACM 39th International Conference on Software Engineering: Software Engineering Education and Training Track (ICSE-SEET)}, 
title={Games for learning: bridging game-related education methods to software engineering knowledge areas}, 
year={2017}, 
volume={}, 
number={}, 
pages={170-179},  
doi={10.1109/ICSE-SEET.2017.17}, 
ISSN={}, 
month={May},
}
@article{Baker2005,
author = {Alex Baker and Emily Oh Navarro and André van der Hoek},
title = {An experimental card game for teaching software engineering processes},
journal = {Journal of Systems and Software},
volume = {75},
number = {1},
pages = {3 - 16},
year = {2005},
note = {Software Engineering Education and Training},
issn = {0164-1212},
doi = {https://doi.org/10.1016/j.jss.2004.02.033},
url = {http://www.sciencedirect.com/science/article/pii/S0164121204000378},

}

@inproceedings{Baker2003,
 author = {Baker, Alex and Navarro, Emily Oh and van der Hoek, Andr{\'e}},
 title = {Problems and Programmers: An Educational Software Engineering Card Game},
 booktitle = {Proceedings of the 25th International Conference on Software Engineering},
 series = {ICSE '03},
 year = {2003},
 isbn = {0-7695-1877-X},
 location = {Portland, Oregon},
 pages = {614--619},
 numpages = {6},
 url = {http://dl.acm.org/citation.cfm?id=776816.776901},
 acmid = {776901},
 publisher = {IEEE Computer Society},
 address = {Washington, DC, USA},
} 



